@Book{Nguyen2023,
  title = {Dòng Triều Đổi Thay (Changing Tides)},
  author = {Celestine Le, Rachel Moran, Anh Nguyen, and Sarah Nguyễn},
  publisher = {},
  address = {Seattle, Washington},
  year = {2023},
  edition = {1st},
  note = {},
  url = {http://yihui.name/knitr/},
}
